<record xmlns='http://www.loc.gov/MARC21/slim'><leader>01575cam a2200469 a 4500</leader><controlfield tag='005'>20170825215144.0</controlfield><controlfield tag='008'>920304s1991    ctua     bd   00110 eng  </controlfield><controlfield tag='001'>991028796619703811</controlfield><datafield ind1=' ' ind2=' ' tag='010'><subfield code='a'>90041510</subfield></datafield><datafield ind1=' ' ind2=' ' tag='020'><subfield code='a'>0313252696 (lib. bdg. : alk. paper)</subfield></datafield><datafield ind1=' ' ind2=' ' tag='035'><subfield code='a'>(PPT)b15930956-01tuli_inst</subfield></datafield><datafield ind1=' ' ind2=' ' tag='035'><subfield code='a'>ocn476762545</subfield><subfield code='9'>ExL</subfield></datafield><datafield ind1=' ' ind2=' ' tag='035'><subfield code='a'>PATG92-B05039</subfield></datafield><datafield ind1=' ' ind2=' ' tag='035'><subfield code='a'>ocm22117808</subfield></datafield><datafield ind1=' ' ind2=' ' tag='035'><subfield code='a'>(OCLC)ocm22117808</subfield></datafield><datafield ind1=' ' ind2=' ' tag='040'><subfield code='a'>DLC</subfield><subfield code='c'>DLC</subfield><subfield code='d'>DLC</subfield></datafield><datafield ind1=' ' ind2=' ' tag='079'><subfield code='a'>ocm22117808</subfield></datafield><datafield ind1=' ' ind2=' ' tag='090'><subfield code='a'>LB15.D37 1991</subfield></datafield><datafield ind1='1' ind2=' ' tag='100'><subfield code='a'>Dejnozka, Edward L.</subfield></datafield><datafield ind1='1' ind2='0' tag='245'><subfield code='a'>American educators&apos; encyclopedia /</subfield><subfield code='c'>Edward L. Dejnozka and David E. Kapel.</subfield></datafield><datafield ind1=' ' ind2=' ' tag='250'><subfield code='a'>Rev. ed. /</subfield><subfield code='b'>by David E. Kapel, Charles S. Gifford, and Marilyn B. Kapel.</subfield></datafield><datafield ind1=' ' ind2=' ' tag='260'><subfield code='a'>New York :</subfield><subfield code='b'>Greenwood Press,</subfield><subfield code='c'>c1991.</subfield></datafield><datafield ind1=' ' ind2=' ' tag='300'><subfield code='a'>xxxii, 716 p. :</subfield><subfield code='b'>ill. ;</subfield><subfield code='c'>29 cm.</subfield></datafield><datafield ind1=' ' ind2=' ' tag='504'><subfield code='a'>Includes bibliographical references and index.</subfield></datafield><datafield ind1=' ' ind2='0' tag='650'><subfield code='a'>Education</subfield><subfield code='x'>Dictionaries.</subfield></datafield><datafield ind1='1' ind2='0' tag='700'><subfield code='a'>Kapel, David E.</subfield></datafield><datafield ind1='1' ind2='0' tag='700'><subfield code='a'>Gifford, Charles S.</subfield></datafield><datafield ind1='1' ind2='0' tag='700'><subfield code='a'>Kapel, Marilyn B.</subfield></datafield><datafield ind1=' ' ind2=' ' tag='902'><subfield code='a'>170418</subfield></datafield><datafield ind1=' ' ind2=' ' tag='907'><subfield code='a'>.b15930956</subfield><subfield code='b'>multi</subfield><subfield code='c'>-</subfield></datafield><datafield ind1=' ' ind2=' ' tag='935'><subfield code='a'>00649352</subfield></datafield><datafield ind1=' ' ind2=' ' tag='945'><subfield code='l'>astk </subfield><subfield code='g'>1</subfield></datafield><datafield ind1=' ' ind2=' ' tag='945'><subfield code='l'>dstk </subfield><subfield code='g'>1</subfield></datafield><datafield ind1=' ' ind2=' ' tag='945'><subfield code='l'>pstk </subfield><subfield code='g'>1</subfield></datafield><datafield ind1=' ' ind2=' ' tag='945'><subfield code='l'>pstk </subfield><subfield code='g'>1</subfield></datafield><datafield ind1=' ' ind2=' ' tag='950'><subfield code='l'>AMB</subfield><subfield code='i'>08/10/92 N</subfield><subfield code='h'>07/16/92 N  75:sl</subfield></datafield><datafield ind1=' ' ind2=' ' tag='950'><subfield code='l'>PREF</subfield><subfield code='i'>08/10/92 N</subfield><subfield code='h'>07/16/92 N</subfield><subfield code='h'>03/04/92 N  595:SL</subfield></datafield><datafield ind1=' ' ind2=' ' tag='955'><subfield code='l'>AMB</subfield><subfield code='c'>0</subfield><subfield code='a'>REF-1</subfield><subfield code='r'>39074008639049</subfield><subfield code='h'>07/16/92 C</subfield></datafield><datafield ind1=' ' ind2=' ' tag='955'><subfield code='l'>PREF</subfield><subfield code='c'>0</subfield><subfield code='r'>39074008506222</subfield><subfield code='h'>03/04/92 C</subfield></datafield><datafield ind1=' ' ind2=' ' tag='979'><subfield code='a'>ocm22117808</subfield></datafield><datafield ind1=' ' ind2=' ' tag='998'><subfield code='b'>4</subfield><subfield code='c'>990101</subfield><subfield code='d'>m</subfield><subfield code='e'>a</subfield><subfield code='f'>-</subfield><subfield code='g'>0</subfield></datafield><datafield ind1=' ' ind2=' ' tag='998'><subfield code='a'>08/10/92</subfield><subfield code='t'>c</subfield><subfield code='s'>9110</subfield><subfield code='n'>PPT</subfield><subfield code='w'>DCLC9041510B</subfield><subfield code='d'>03/04/92</subfield><subfield code='c'>ADS</subfield><subfield code='b'>MS</subfield><subfield code='i'>920810</subfield><subfield code='h'>920716</subfield><subfield code='h'>920304</subfield><subfield code='l'>PATG</subfield></datafield><datafield ind1=' ' ind2=' ' tag='ADM'><subfield code='b'>2018-06-20 01:53:19</subfield><subfield code='e'>b15930956-01tuli_inst</subfield><subfield code='d'>ILS</subfield><subfield code='a'>2017-06-20 07:13:53</subfield><subfield code='c'>false</subfield></datafield><datafield ind1='0' ind2=' ' tag='HLD'><subfield code='b'>HARRISBURG</subfield><subfield code='c'>stacks</subfield><subfield code='h'>LB15.D37 1991</subfield><subfield code='8'>22263131080003811</subfield><subfield code='updated'>2017-06-20 07:14:12</subfield><subfield code='created'>2017-06-20 07:13:53</subfield></datafield><datafield ind1='0' ind2=' ' tag='HLD'><subfield code='b'>AMBLER</subfield><subfield code='c'>stacks</subfield><subfield code='h'>LB15.D37 1991</subfield><subfield code='8'>22263131010003811</subfield><subfield code='updated'>2017-06-20 07:14:12</subfield><subfield code='created'>2017-06-20 07:13:53</subfield></datafield><datafield ind1='0' ind2=' ' tag='HLD'><subfield code='b'>ASRS</subfield><subfield code='c'>ASRS_TEST</subfield><subfield code='h'>  LB15.D37 1991  </subfield><subfield code='8'>22454037940003811</subfield><subfield code='updated'>2019-04-09 16:58:05</subfield><subfield code='created'>2017-06-20 07:13:53</subfield></datafield><datafield ind1=' ' ind2=' ' tag='ITM'><subfield code='r'>22263131080003811</subfield><subfield code='b'>1</subfield><subfield code='h'>0</subfield><subfield code='g'>stacks</subfield><subfield code='t'>BOOK</subfield><subfield code='9'>39074015957996</subfield><subfield code='e'>stacks</subfield><subfield code='8'>23263131050003811</subfield><subfield code='a'>0</subfield><subfield code='i'>LB15.D37 1991</subfield><subfield code='updated'>2017-06-20 07:14:29</subfield><subfield code='q'>2017-06-20 07:13:53</subfield><subfield code='d'>HARRISBURG</subfield><subfield code='f'>HARRISBURG</subfield></datafield><datafield ind1=' ' ind2=' ' tag='ITM'><subfield code='r'>22263131010003811</subfield><subfield code='b'>1</subfield><subfield code='h'>0</subfield><subfield code='g'>stacks</subfield><subfield code='t'>BOOK</subfield><subfield code='9'>39074008639049</subfield><subfield code='e'>stacks</subfield><subfield code='8'>23263130980003811</subfield><subfield code='a'>0</subfield><subfield code='i'>LB15.D37 1991</subfield><subfield code='updated'>2017-06-20 07:14:29</subfield><subfield code='q'>2017-06-20 07:13:53</subfield><subfield code='d'>AMBLER</subfield><subfield code='f'>AMBLER</subfield></datafield><datafield ind1=' ' ind2=' ' tag='ITM'><subfield code='r'>22454037940003811</subfield><subfield code='b'>1</subfield><subfield code='h'>0</subfield><subfield code='g'>ASRS_TEST</subfield><subfield code='t'>BOOK</subfield><subfield code='9'>39074015995954</subfield><subfield code='e'>ASRS_TEST</subfield><subfield code='8'>23263131110003811</subfield><subfield code='a'>0</subfield><subfield code='i'>LB15.D37 1991</subfield><subfield code='updated'>2019-04-09 16:58:29</subfield><subfield code='q'>2017-06-20 07:13:53</subfield><subfield code='d'>ASRS</subfield><subfield code='f'>ASRS</subfield></datafield><datafield ind1=' ' ind2=' ' tag='ITM'><subfield code='r'>22454037940003811</subfield><subfield code='b'>1</subfield><subfield code='h'>0</subfield><subfield code='g'>ASRS_TEST</subfield><subfield code='t'>BOOK</subfield><subfield code='9'>39074008506222</subfield><subfield code='e'>ASRS_TEST</subfield><subfield code='8'>23263131090003811</subfield><subfield code='a'>0</subfield><subfield code='i'>LB15.D37 1991</subfield><subfield code='updated'>2019-04-09 16:58:24</subfield><subfield code='q'>2017-06-20 07:13:53</subfield><subfield code='d'>ASRS</subfield><subfield code='f'>ASRS</subfield></datafield></record>